<collection xmlns="http://www.loc.gov/MARC21/slim"><record>
    <leader>00795cam  22002415a 4500</leader>
    <controlfield tag="001">3789336</controlfield>
    <controlfield tag="005">20070411090531.0</controlfield>
    <controlfield tag="008">060927s2006    gr ac         000 p gre  </controlfield>
    <datafield tag="019" ind1="1" ind2=" ">
      <subfield code="a">41141095</subfield>

    </datafield>
    <datafield tag="020" ind1=" " ind2=" ">
      <subfield code="a">960042764X (pbk)</subfield>
    </datafield>
    <datafield tag="040" ind1=" " ind2=" ">
      <subfield code="a">ANL</subfield>
      <subfield code="b">eng</subfield>

      <subfield code="d">ANL</subfield>
    </datafield>
    <datafield tag="041" ind1="1" ind2=" ">
      <subfield code="a">gre</subfield>
      <subfield code="a">eng</subfield>
    </datafield>
    <datafield tag="082" ind1="0" ind2="4">

      <subfield code="a">782.42164</subfield>
      <subfield code="2">22</subfield>
    </datafield>
    <datafield tag="100" ind1="1" ind2=" ">
      <subfield code="a">Cave, Nick,</subfield>
      <subfield code="d">1957-</subfield>
    </datafield>

    <datafield tag="240" ind1="1" ind2="0">
      <subfield code="a">Songs.</subfield>
      <subfield code="k">Selections.</subfield>
      <subfield code="l">Greek (Modern Greek)</subfield>
    </datafield>
    <datafield tag="245" ind1="1" ind2="0">
      <subfield code="a">Nick Cave :</subfield>

      <subfield code="b">balades gia phonous kai alla tragoudia /</subfield>
      <subfield code="c">[Nick Cave] ; epilogåe-metaphrasåe Sophia Nikolaidou.</subfield>
    </datafield>
    <datafield tag="260" ind1=" " ind2=" ">
      <subfield code="a">Athena :</subfield>
      <subfield code="b">Kedros,</subfield>
      <subfield code="c">2006.</subfield>

    </datafield>
    <datafield tag="300" ind1=" " ind2=" ">
      <subfield code="a">107 p. :</subfield>
      <subfield code="b">ill., ports. ;</subfield>
      <subfield code="c">24 cm.</subfield>
    </datafield>
    <datafield tag="500" ind1=" " ind2=" ">

      <subfield code="a">Parallel Greek translation and English text.</subfield>
    </datafield>
    <datafield tag="546" ind1=" " ind2=" ">
      <subfield code="a">Text in Greek.</subfield>
    </datafield>
    <datafield tag="600" ind1="1" ind2="0">
      <subfield code="a">Cave, Nick,</subfield>

      <subfield code="d">1957-</subfield>
      <subfield code="v">Songs and music.</subfield>
    </datafield>
    <datafield tag="650" ind1=" " ind2="0">
      <subfield code="a">Rock music</subfield>
      <subfield code="v">Texts.</subfield>
    </datafield>

    <datafield tag="700" ind1="1" ind2=" ">
      <subfield code="a">Nikolaidou, Sophia.</subfield>
    </datafield>
  </record>
</collection>

